@misc{Alibaba,
mendeley-groups = {TCC},
title = {{Esp-12f Esp8266 Remote Serial Port Wifi Transceiver Wireless Module - Buy Esp8266,Wifi Module,Esp12f Product on Alibaba.com}},
url = {https://www.alibaba.com/product-detail/ESP-12F-Esp8266-Remote-Serial-Port{\_}60518607068.html?s=p},
urldate = {2017-01-19}
}
