@misc{ieee80211,
author = {IEEE},
mendeley-groups = {TCC},
title = {{IEEE Standard Association - IEEE Get Program}},
url = {http://standards.ieee.org/getieee802/download/802.11-2012.pdf},
urldate = {2017-01-22},
Urlaccessdate = {2017-01-22},
year = {2016}
}
@misc{Kuik2016,
abstract = {This app shows an estimated distance (meters) to your phone of nearby wifi networks.},
author = {Kuik},
mendeley-groups = {TCC},
publisher = {play.google.com},
title = {{Wifi Distance Calculator - Android Apps on Google Play}},
url = {https://play.google.com/store/apps/details?id=com.kuik.wifi},
urldate = {2017-01-22},
Urlaccessdate = {2017-01-22},
year = {2016}
}
