@misc{nodejs,
mendeley-groups = {TCC},
title = {{Nodejs}},
url = {https://nodejs.org/en/},
year = {2016},
urldate = {2017-01-22},
Urlaccessdate = {2017-01-22}
}
